@article{reinelt1991tsplib,
  title={TSPLIBâ€”A traveling salesman problem library},
  author={Reinelt, Gerhard},
  journal={ORSA journal on computing},
  volume={3},
  number={4},
  pages={376--384},
  year={1991},
  publisher={INFORMS}
}

@book{koza1992genetic,
  title={Genetic programming: on the programming of computers by means of natural selection},
  author={Koza, John R and Koza, John R},
  volume={1},
  year={1992},
  publisher={MIT press}
}

@inproceedings{pillay2017evohyp,
  title={EvoHyp-A Java toolkit for evolutionary algorithm hyper-heuristics},
  author={Pillay, Nelishia and Beckedahl, Derrick},
  booktitle={2017 IEEE Congress on Evolutionary Computation (CEC)},
  pages={2706--2713},
  year={2017},
  organization={IEEE}
}

@article{glover2001construction,
  title={Construction heuristics for the asymmetric TSP},
  author={Glover, Fred and Gutin, Gregory and Yeo, Anders and Zverovich, Alexey},
  journal={European Journal of Operational Research},
  volume={129},
  number={3},
  pages={555--568},
  year={2001},
  publisher={Elsevier}
}

@incollection{johnson2007experimental,
  title={Experimental analysis of heuristics for the ATSP},
  author={Johnson, David S and Gutin, Gregory and McGeoch, Lyle A and Yeo, Anders and Zhang, Weixiong and Zverovitch, Alexei},
  booktitle={The traveling salesman problem and its variations},
  pages={445--487},
  year={2007},
  publisher={Springer}
}

@article{halim2019combinatorial,
  title={Combinatorial optimization: comparison of heuristic algorithms in travelling salesman problem},
  author={Halim, A Hanif and Ismail, I},
  journal={Archives of Computational Methods in Engineering},
  volume={26},
  number={2},
  pages={367--380},
  year={2019},
  publisher={Springer}
}

@article{miller1995genetic,
  title={Genetic algorithms, tournament selection, and the effects of noise},
  author={Miller, Brad L and Goldberg, David E and others},
  journal={Complex systems},
  volume={9},
  number={3},
  pages={193--212},
  year={1995},
  publisher={[Champaign, IL, USA: Complex Systems Publications, Inc., c1987-}
}

@book{banzhaf1998genetic,
  title={Genetic programming},
  author={Banzhaf, Wolfgang and Nordin, Peter and Keller, Robert E and Francone, Frank D},
  year={1998},
  publisher={Springer}
}

@incollection{koza2005genetic,
  title={Genetic programming},
  author={Koza, John R and Poli, Riccardo},
  booktitle={Search methodologies},
  pages={127--164},
  year={2005},
  publisher={Springer}
}
